@inproceedings{dean2004mapreduce,
  author = {Dean, Jeffrey and Ghemawat, Sanjay},
  title = "{MapReduce: Simplified Data Processing on Large Clusters}",
  booktitle = {Proceedings of the 6th USENIX Symposium on Operating Systems Design and Implementation (OSDI'04)},
  year = {2004},
  month = {Dec},
}
@inproceedings{ghemawat2003google,
  author = {Ghemawat, Sanjay and Gobioff, Howard and Leung, Shun-Tak},
  title = "{The Google File System}",
  booktitle = {Proceedings of the 19th ACM Symposium on Operating Systems Principles (SOSP'03)},
  year = {2003},
  month = {Oct},
}
@misc{marla,
  author = {{GRyCAP Research Group}},
  title = {{MARLA - MApReduce on AWS Lambda}},
  howpublished = {\url{https://github.com/grycap/marla}},
  note = {GRyCAP research group of the Institute for Molecular Imaging Technologies at the Universitat Politècnica de València, Spain},
  year = {Accessed: 2024},
}
@misc{corral,
  author = {{Ben Congdon}},
  title = {{Introducing Corral: A Serverless MapReduce Framework}},
  howpublished = {\url{https://benjamincongdon.me/blog}},
  year = {May 2, 2018},
}
